@article{
	sanger_sequencing,
	author = {F. Sanger  and S. Nicklen  and A. R. Coulson },
	title = {DNA sequencing with chain-terminating inhibitors},
	journal = {Proceedings of the National Academy of Sciences},
	volume = {74},
	number = {12},
	pages = {5463-5467},
	year = {1977},
	doi = {10.1073/pnas.74.12.5463},
	URL = {https://www.pnas.org/doi/abs/10.1073/pnas.74.12.5463},
	eprint = {https://www.pnas.org/doi/pdf/10.1073/pnas.74.12.5463},
} 
