@misc{humangenomeproject,
  title        = "Human Genome Project Timeline",
  author       = "National Human Genome Research Institute",
  howpublished = "\url{https://www.genome.gov/human-genome-project/timeline}",
  year         = 2024,
  note         = "Accessed: 2024-8-05"
}

@article{Lodderomyces,
	doi = {10.1371/journal.ppat.1011613},
	author = {Wang, Yue AND Xu, Jianping},
	journal = {PLOS Pathogens},
	publisher = {Public Library of Science},
	title = {Lodderomyces elongisporus: An emerging human fungal pathogen},
	year = {2023},
	month = {09},
	volume = {19},
	url = {https://doi.org/10.1371/journal.ppat.1011613},
	pages = {1-9},
	abstract = {null},
	number = {9},
}

@article{lodelo_india,
	author = {Anamika Yadav and Peeyush Jain and Kusum Jain and Yue Wang and Aditi Singh and Ashutosh Singh and Jianping Xu and Anuradha Chowdhary},
	title = {Genomic Analyses of a Fungemia Outbreak Caused by Lodderomyces elongisporus in a Neonatal Intensive Care Unit in Delhi, India},
	journal = {mBio},
	volume = {14},
	number = {3},
	pages = {e00636-23},
	year = {2023},
	doi = {10.1128/mbio.00636-23},
	
	URL = {https://journals.asm.org/doi/abs/10.1128/mbio.00636-23},
	eprint = {https://journals.asm.org/doi/pdf/10.1128/mbio.00636-23}
}

@misc{pggb_communities,
	title        = "Pggb docs - Sequence partitioning",
	author       = "Andrea Guarracino",
	howpublished = "\url{https://pggb.readthedocs.io/en/latest/rst/tutorials/sequence_partitioning.html#sequence-partitioning}",
	year         = 2024,
	note         = "Accessed: 2024-8-09"
}

@Article{Guarracino2023,
	author={Guarracino, Andrea
	and Buonaiuto, Silvia
	and de Lima, Leonardo Gomes
	and Potapova, Tamara
	and Rhie, Arang
	and Koren, Sergey
	and Rubinstein, Boris
	and Fischer, Christian
	and Abel, Haley J.
	and Antonacci-Fulton, Lucinda L.
	and Asri, Mobin
	and Baid, Gunjan
	and Baker, Carl A.
	and Belyaeva, Anastasiya
	and Billis, Konstantinos
	and Bourque, Guillaume
	and Carroll, Andrew
	and Chaisson, Mark J. P.
	and Chang, Pi-Chuan
	and Chang, Xian H.
	and Cheng, Haoyu
	and Chu, Justin
	and Cody, Sarah
	and Cook, Daniel E.
	and Cook-Deegan, Robert M.
	and Cornejo, Omar E.
	and Diekhans, Mark
	and Doerr, Daniel
	and Ebert, Peter
	and Ebler, Jana
	and Eichler, Evan E.
	and Eizenga, Jordan M.
	and Fairley, Susan
	and Fedrigo, Olivier
	and Felsenfeld, Adam L.
	and Feng, Xiaowen
	and Flicek, Paul
	and Formenti, Giulio
	and Frankish, Adam
	and Fulton, Robert S.
	and Gao, Yan
	and Garg, Shilpa
	and Garrison, Nanibaa' A.
	and Giron, Carlos Garcia
	and Green, Richard E.
	and Groza, Cristian
	and Haggerty, Leanne
	and Hall, Ira
	and Harvey, William T.
	and Haukness, Marina
	and Haussler, David
	and Heumos, Simon
	and Hickey, Glenn
	and Hoekzema, Kendra
	and Hourlier, Thibaut
	and Howe, Kerstin
	and Jain, Miten
	and Jarvis, Erich D.
	and Ji, Hanlee P.
	and Kenny, Eimear E.
	and Koenig, Barbara A.
	and Kolesnikov, Alexey
	and Korbel, Jan O.
	and Kordosky, Jennifer
	and Lee, HoJoon
	and Lewis, Alexandra P.
	and Li, Heng
	and Liao, Wen-Wei
	and Lu, Shuangjia
	and Lu, Tsung-Yu
	and Lucas, Julian K.
	and Magalh{\~a}es, Hugo
	and Marco-Sola, Santiago
	and Marijon, Pierre
	and Markello, Charles
	and Marschall, Tobias
	and Martin, Fergal J.
	and McCartney, Ann
	and McDaniel, Jennifer
	and Miga, Karen H.
	and Mitchell, Matthew W.
	and Monlong, Jean
	and Mountcastle, Jacquelyn
	and Munson, Katherine M.
	and Mwaniki, Moses Njagi
	and Nattestad, Maria
	and Novak, Adam M.
	and Nurk, Sergey
	and Olsen, Hugh E.
	and Olson, Nathan D.
	and Paten, Benedict
	and Pesout, Trevor
	and Popejoy, Alice B.
	and Porubsky, David
	and Prins, Pjotr
	and Puiu, Daniela
	and Rautiainen, Mikko
	and Regier, Allison A.
	and Sacco, Samuel
	and Sanders, Ashley D.
	and Schneider, Valerie A.
	and Schultz, Baergen I.
	and Shafin, Kishwar
	and Sibbesen, Jonas A.
	and Sir{\'e}n, Jouni
	and Smith, Michael W.
	and Sofia, Heidi J.
	and Tayoun, Ahmad N. Abou
	and Thibaud-Nissen, Fran{\c{c}}oise
	and Tomlinson, Chad
	and Tricomi, Francesca Floriana
	and Villani, Flavia
	and Vollger, Mitchell R.
	and Wagner, Justin
	and Walenz, Brian
	and Wang, Ting
	and Wood, Jonathan M. D.
	and Zimin, Aleksey V.
	and Zook, Justin M.
	and Gerton, Jennifer L.
	and Phillippy, Adam M.
	and Colonna, Vincenza
	and Garrison, Erik
	and Consortium, Human Pangenome Reference},
	title={Recombination between heterologous human acrocentric chromosomes},
	journal={Nature},
	year={2023},
	month={May},
	day={01},
	volume={617},
	number={7960},
	pages={335-343},
	issn={1476-4687},
	doi={10.1038/s41586-023-05976-y},
	url={https://doi.org/10.1038/s41586-023-05976-y}
}


