@article{wavefront,
	author = {Marco-Sola, Santiago and Moure, Juan Carlos and Moreto, Miquel and Espinosa, Antonio},
	title = "{Fast gap-affine pairwise alignment using the wavefront algorithm}",
	journal = {Bioinformatics},
	volume = {37},
	number = {4},
	pages = {456-463},
	year = {2020},
	month = {09},
	issn = {1367-4803},
	doi = {10.1093/bioinformatics/btaa777},
	url = {https://doi.org/10.1093/bioinformatics/btaa777},
	eprint = {https://academic.oup.com/bioinformatics/article-pdf/37/4/456/50359789/btaa777.pdf},
}
 @article {logan,
 	author = {Chikhi, Rayan and Raffestin, Brice and Korobeynikov, Anton and Edgar, Robert and Babaian, Artem},
 	title = {Logan: Planetary-Scale Genome Assembly Surveys Life{\textquoteright}s Diversity},
 	elocation-id = {2024.07.30.605881},
 	year = {2024},
 	doi = {10.1101/2024.07.30.605881},
 	publisher = {Cold Spring Harbor Laboratory},
 	URL = {https://www.biorxiv.org/content/early/2024/07/31/2024.07.30.605881},
 	eprint = {https://www.biorxiv.org/content/early/2024/07/31/2024.07.30.605881.full.pdf},
 	journal = {bioRxiv}
 }
@Article{serratus,
	author={Edgar, Robert C.
	and Taylor, Brie
	and Lin, Victor
	and Altman, Tomer
	and Barbera, Pierre
	and Meleshko, Dmitry
	and Lohr, Dan
	and Novakovsky, Gherman
	and Buchfink, Benjamin
	and Al-Shayeb, Basem
	and Banfield, Jillian F.
	and de la Pe{\~{n}}a, Marcos
	and Korobeynikov, Anton
	and Chikhi, Rayan
	and Babaian, Artem},
	title={Petabase-scale sequence alignment catalyses viral discovery},
	journal={Nature},
	year={2022},
	month={Feb},
	day={01},
	volume={602},
	number={7895},
	pages={142-147},
	issn={1476-4687},
	doi={10.1038/s41586-021-04332-2},
	url={https://doi.org/10.1038/s41586-021-04332-2}
}
@article {movi,
	author = {Zakeri, Mohsen and Brown, Nathaniel K. and Ahmed, Omar Y. and Gagie, Travis and Langmead, Ben},
	title = {Movi: a fast and cache-efficient full-text pangenome index},
	elocation-id = {2023.11.04.565615},
	year = {2024},
	doi = {10.1101/2023.11.04.565615},
	publisher = {Cold Spring Harbor Laboratory},
	URL = {https://www.biorxiv.org/content/early/2024/02/15/2023.11.04.565615},
	eprint = {https://www.biorxiv.org/content/early/2024/02/15/2023.11.04.565615.full.pdf},
	journal = {bioRxiv}
}
@Article{spumoni2,
	author={Ahmed, Omar Y.
	and Rossi, Massimiliano
	and Gagie, Travis
	and Boucher, Christina
	and Langmead, Ben},
	title={SPUMONI 2: improved classification using a pangenome index of minimizer digests},
	journal={Genome Biology},
	year={2023},
	month={May},
	day={18},
	volume={24},
	number={1},
	pages={122},
	issn={1474-760X},
	doi={10.1186/s13059-023-02958-1},
	url={https://doi.org/10.1186/s13059-023-02958-1}
}
