@article{mphf,
	author = {Pibiri, Giulio Ermanno and Shibuya, Yoshihiro and Limasset, Antoine},
	title = {Locality-preserving minimal perfect hashing of k-mers},
	journal = {Bioinformatics},
	volume = {39},
	pages = {i534-i543},
	year = {2023},
	month = {06},
	issn = {1367-4811},
	doi = {10.1093/bioinformatics/btad219},
	url = {https://doi.org/10.1093/bioinformatics/btad219},
	eprint = {https://academic.oup.com/bioinformatics/article-pdf/39/Supplement\_1/i534/50741423/btad219.pdf},
}

@article{ggcat,
	title={Extremely fast construction and querying of compacted and colored de Bruijn graphs with GGCAT},
	author={Cracco, Andrea and Tomescu, Alexandru I},
	journal={Genome Research},
	volume={33},
	number={7},
	pages={1198-1207},
	year={2023},
	publisher={Cold Spring Harbor Lab}
}


@article{kamrat,
	author = {Xue, Haoliang and Gallopin, Melina and Marchet, Camille and Nguyen, Ha N and Wang, Yunfeng and Laine, Antoine and Bessiere, Chloe and Gautheret, Daniel},
	title = {KaMRaT: a C++ toolkit for k-mer count matrix dimension reduction},
	journal = {Bioinformatics},
	volume = {40},
	number = {3},
	pages = {btae090},
	year = {2024},
	month = {03},
	issn = {1367-4811},
	doi = {10.1093/bioinformatics/btae090},
	url = {https://doi.org/10.1093/bioinformatics/btae090},
	eprint = {https://academic.oup.com/bioinformatics/article-pdf/40/3/btae090/56990735/btae090.pdf},
}

@Article{transipedia,
	author={Bessiere, Chloe
	and Xue, Haoliang
	and Guibert, Benoit
	and Boureux, Anthony
	and Ruffle, Florence
	and Viot, Julien
	and Chikhi, Rayan
	and Salson, Mikael
	and Marchet, Camille
	and Commes, Therese
	and Gautheret, Daniel},
	title={Transipedia.org: k-mer-based exploration of large RNA sequencing datasets and application to cancer data},
	journal={Genome Biology},
	year={2024},
	month={10},
	day={10},
	volume={25},
	number={1},
	pages={266},
	issn={1474-760X},
	doi={10.1186/s13059-024-03413-5},
}

@InProceedings{metadbg,
	author={Pibiri, Giulio Ermanno
	and Fan, Jason
	and Patro, Rob},
	title={Meta-colored Compacted de Bruijn Graphs},
	booktitle={Research in Computational Molecular Biology},
	year={2024},
	publisher={Springer Nature Switzerland}
}
